<record><leader>00000cas a2200000 a 4500</leader><controlfield tag="001">4271180</controlfield><controlfield tag="008">781006d196919uufluwr n       0   a0spa c</controlfield><datafield ind1=" " ind2=" " tag="010"><subfield code="a">sn 99026899 </subfield></datafield><datafield ind1=" " ind2=" " tag="040"><subfield code="a">FXG</subfield><subfield code="b">eng</subfield><subfield code="c">FXG</subfield><subfield code="d">OCL</subfield><subfield code="d">FUG</subfield><subfield code="d">DLC</subfield><subfield code="d">OCLCQ</subfield><subfield code="d">OCLCO</subfield></datafield><datafield ind1="1" ind2=" " tag="029"><subfield code="a">AU@</subfield><subfield code="b">000021095749</subfield></datafield><datafield ind1=" " ind2=" " tag="042"><subfield code="a">pcc</subfield></datafield><datafield ind1=" " ind2=" " tag="043"><subfield code="a">n-us-fl</subfield></datafield><datafield ind1="0" ind2=" " tag="130"><subfield code="a">Libertad (Miami, Fla. : 1969)</subfield></datafield><datafield ind1="1" ind2="0" tag="245"><subfield code="a">Libertad.</subfield></datafield><datafield ind1=" " ind2=" " tag="260"><subfield code="a">Miami, Fla. :</subfield><subfield code="b">Rolando Masferrer,</subfield><subfield code="c">1969-</subfield></datafield><datafield ind1=" " ind2=" " tag="300"><subfield code="a">v. :</subfield><subfield code="b">ill. ;</subfield><subfield code="c">38-46 cm.</subfield></datafield><datafield ind1=" " ind2=" " tag="310"><subfield code="a">Weekly</subfield></datafield><datafield ind1="0" ind2=" " tag="362"><subfield code="a">Enero 11 de 1969-</subfield></datafield><datafield ind1=" " ind2=" " tag="500"><subfield code="a">"Un semanario justo, libre, bravo y breve."</subfield></datafield><datafield ind1=" " ind2=" " tag="515"><subfield code="a">Numbering begins with issue: an&#771;o 1, no. 2 (enero 18 de 1969).</subfield></datafield><datafield ind1=" " ind2=" " tag="530"><subfield code="a">Also issued on microfilm from the University fo Florida.</subfield></datafield><datafield ind1=" " ind2=" " tag="588"><subfield code="a">Latest issue consulted: No. 203 (jun. 11 de 1976).</subfield></datafield><datafield ind1=" " ind2="0" tag="650"><subfield code="a">Cubans</subfield><subfield code="z">Florida</subfield><subfield code="v">Newspapers.</subfield></datafield><datafield ind1=" " ind2="0" tag="651"><subfield code="a">Miami (Fla.)</subfield><subfield code="v">Newspapers.</subfield></datafield><datafield ind1=" " ind2="0" tag="651"><subfield code="a">Miami-Dade County</subfield><subfield code="v">Newspapers.</subfield></datafield><datafield ind1="1" ind2=" " tag="700"><subfield code="a">Masferrer, Rolando.</subfield></datafield><datafield ind1=" " ind2=" " tag="752"><subfield code="a">United States</subfield><subfield code="b">Florida</subfield><subfield code="c">Miami-Dade</subfield><subfield code="d">Miami.</subfield></datafield><datafield ind1="1" ind2=" " tag="776"><subfield code="c">Microfilm</subfield><subfield code="d">George A. Smathers Libraries, University of Florida</subfield><subfield code="w">(DLC)sn 00065318</subfield><subfield code="w">(OCoLC)43384071</subfield></datafield><datafield ind1="0" ind2="0" tag="780"><subfield code="t">Libertad (Miami, Fla.)</subfield><subfield code="w">(DLC)  2007219217</subfield><subfield code="w">(OCoLC)42426277</subfield></datafield><datafield ind1="0" ind2="0" tag="785"><subfield code="t">Libertad 2</subfield></datafield></record>